<?xml version="1.0" encoding="UTF-8"?><collection xmlns="http://www.loc.gov/MARC21/slim"><record><leader>00351nam--2200133-i-4500</leader><controlfield tag="001">000000107</controlfield><controlfield tag="002">20161230</controlfield><controlfield tag="005">20161230201023</controlfield><controlfield tag="008">060222s1000------------r-----000-0-eng-d</controlfield><datafield ind1=" " ind2=" " tag="080"><subfield code="a">519.688=092</subfield></datafield><datafield ind1=" " ind2=" " tag="100"><subfield code="a">Krinitski, N., Mironov, G., Frolov, G</subfield></datafield><datafield ind1=" " ind2=" " tag="245"><subfield code="a">Programmation et langages symboliques</subfield></datafield><datafield ind1=" " ind2=" " tag="260"><subfield code="a">Moscou, Editions Mir. 510 P</subfield></datafield><datafield ind1=" " ind2=" " tag="852"><subfield code="a">47226</subfield></datafield></record></collection>